<?xml version="1.0" encoding="UTF-8"?><collection xmlns="http://www.loc.gov/MARC21/slim"><record><leader>00475nam--2200133-i-4500</leader><controlfield tag="001">000009331</controlfield><controlfield tag="002">20161230</controlfield><controlfield tag="005">20161230201028</controlfield><controlfield tag="008">060222s1000------------r-----000-0-eng-d</controlfield><datafield ind1=" " ind2=" " tag="080"><subfield code="a">519.283:681.3.061.3</subfield></datafield><datafield ind1=" " ind2=" " tag="245"><subfield code="a">Computing mwethods in optimization problems-2 papers presented at a conference held at san remo, italy, september 9-13, 1968</subfield></datafield><datafield ind1=" " ind2=" " tag="260"><subfield code="a">New York, Academic Press, 1969. Ix + 393 P</subfield></datafield><datafield ind1=" " ind2=" " tag="700"><subfield code="a">Lotfi A. Hadeh, Lucien W. Neustadt, A.Balakris Hnan</subfield></datafield><datafield ind1=" " ind2=" " tag="852"><subfield code="a">33067</subfield></datafield></record></collection>